@article{Albeverio2019,
   author = "Albeverio, S. and Victoria, S. and Wallbaum, K.",
   title = "The volatility target effect in investment-linked products with embedded American-type derivatives",
   journal = "Investment Management and Financial Innovations",
   volume = 16,
   pages = "18-28",
   year = 2019
}

@article{BlackScholes1973,
doi	= {10.2307/1831029},
title	= {The Pricing of Options and Corporate Liabilities},
author	= {Black, F. and Scholes, M.},
publisher	= {University of Chicago Press},
journal	= {Journal of Political Economy},
issnp	= {0022-3808},
issne	= {1537-534X},
year	= {1973},
month	= {05-06},
volume	= {81},
issue	= {3},
page	= {637--654},
}

@book{BrigoMoriniPallavicini2012,
    author = "Brigo, D. and Morini, M. and Pallavicini, A.",
    publisher = "Wiley, Chichester",
    title = "Counterparty Credit Risk, Collateral and Funding with pricing cases for all asset classes",
    year = "2013"
}

@techreport{Chew2011,
   author = "Chew, L.",
   institution = "Society of Actuaries, International News",
   month = apr,
   title = "Target Volatility Asset Allocation Strategy",
   year = 2011
}

@article{Derman1994,
author = {Derman, E. and Kani, I.},
year = {1994},
month = {01},
title = {Riding on a Smile},
volume = {7},
pages = {32-39},
journal = {Risk}
}

@ARTICLE{Deng2017,
  author={Y. {Deng} and F. {Bao} and Y. {Kong} and Z. {Ren} and Q. {Dai}},
  journal={IEEE Transactions on Neural Networks and Learning Systems}, 
  title={Deep Direct Reinforcement Learning for Financial Signal Representation and Trading}, 
  year={2017},
  volume={28},
  number={3},
  pages={653-664},
  doi={10.1109/TNNLS.2016.2522401}}

@misc{Dhariwal2017,
  author = {Dhariwal, P. and Hesse, C. and Klimov, O. and Nichol, A. and Plappert, M. and Radford, A. and Schulman, J. and Sidor, S. and Wu, Y. and Zhokhov, P.},
  title = {OpenAI Baselines},
  year = {2017},
  publisher = {GitHub},
  journal = {GitHub repository},
  howpublished = {\url{https://github.com/openai/baselines}},
}

@article{DiGraziano2012,
   author = "Di Graziano, G. and Torricelli, L.",
   title = "Target Volatility Option Pricing",
   journal = "International Journal of Theoretical and Applied Finance",
   volume = 15,
   number = 1,
   pages = 1-17,
   year = 2012
}

@TechReport{DiPersio2019,
  author={Di Persio, L. and Prezioso, L. and Wallbaum, K.},
  title={{Closed-End Formula for options linked to Target Volatility Strategies}},
  year=2019,
  month=Feb,
  institution={arXiv.org},
  type={Papers},
  url={https://ideas.repec.org/p/arx/papers/1902.08821.html},
  number={1902.08821},
}

@article{Dozat2016,
  title={Incorporating nesterov momentum into adam},
  author={Dozat, T.},
  year={2016},
  journal={International Conference on Learning Representations}
}

@ARTICLE{Dupire1994,
    author = {Dupire, B.},
    title = {Pricing with a Smile},
    journal = {Risk Magazine},
    year = {1994},
    pages = {18--20}
}

@book{Fleming2006,
author = {Fleming, W. H. and Soner, H. M.},
year={2006},
publisher={Springer-Verlag New York},
title={Controlled Markov Processes and Viscosity Solutions},
}

@article{Gabrielli2020,
    title={Funding Adjustments in Equity Linear Products},
    author={Gabrielli, S. and Pallavicini, A. and Scoleri, S.},
    year={2020},
    month = {06},
   journal = {Risk}
}

@article{Grasselli2016,
   author = "Grasselli, M. and Romo, J. M.",
   title = "Stochastic Skew and Target Volatility Options",
   journal = "Journal of Futures Markets",
   volume = 36,
   number = 2,
   pages = "174-193",
   year = 2016
}

@article{Gyongy1986,
	doi = {10.1007/bf00699039},
	year = 1986,
	publisher = {Springer Science and Business Media {LLC}},
	volume = {71},
	number = {4},
	pages = {501--516},
	author = {I. Gy\"ongy},
	title = {Mimicking the one-dimensional marginal distributions of processes having an ito differential},
	journal = {Probability Theory and Related Fields}
}

@article{Halperin2020,
author = {Halperin, I.},
volume = {28},
year = {2020},
pages = {99-122},
publisher={Pageant Media US},
ISSN={1074-1240},
title = {QLBS: Q-Learner in the Black-Scholes(-Merton) Worlds},
journal = {The Journal of Derivatives},
doi = {10.3905/jod.2020.1.108}
}

@article{Hiton2012,
  title={Neural networks for machine learning lecture 6a overview of mini-batch gradient descent},
  author={Hinton, G. and Srivastava, N. and Swersky, K.},
  journal={Cited on},
  volume={14},
  number={8},
  pages={2},
  year={2012}
}

@article{Hocquard2013,
   author = "Hocquard, A. and Ng, S. and Papageorgiou, N.",
   title = "A constant volatility framework for managing tail risk",
   journal = "The Journal of Portfolio Management",
   volume = 39,
   number = 2,
   pages = "28-40",
   year = 2013
}

@article{Kim2018,
   author = "Kim, Y. and Enke, D.",
   title = "A dynamic target volatility strategy for asset allocation using artificial neural networks",
   journal = "The Engineering Economist",
   volume = 63,
   number = 4,
   pages = "273-290",
   year = 2019
}

@article {Kolm2019,
	author = {Kolm, P. N. and Ritter, G.},
	title = {Dynamic Replication and Hedging: A Reinforcement Learning Approach},
	volume = {1},
	number = {1},
	pages = {159--171},
	year = {2019},
	doi = {10.3905/jfds.2019.1.1.159},
	publisher = {Institutional Investor Journals Umbrella},
	issn = {2640-3943},
	journal = {The Journal of Financial Data Science}
}

@article{Longstaff2001,
author = {Longstaff, F. and Schwartz, E.},
year = {2001},
month = {02},
pages = {113-47},
title = {Valuing American Options by Simulation: A Simple Least-Squares Approach},
volume = {14},
journal = {Review of Financial Studies},
doi = {10.1093/rfs/14.1.113}
}

@techreport{Morrison2013,
   author = "Morrison, S. and Tadrowski, L.",
   institution = "Moody's Analytics",
   month = sep,
   title = "Guarantees and Target Volatility Funds",
   year = 2013
}

@article{Perchet2016,
   author = "Perchet, R. and De Carvalho, R. L. and Heckel, T. and Moulin, P.",
   title = "Predicting the Success of Volatility Targeting Strategies: Application to Equities and Other Asset Classes",
   journal = "The Journal of Alternative Investements",
   volume = 18,
   number = 3,
   year = 2016
}

@INPROCEEDINGS{Puheim2014,
  author={M. {Puheim} and L. {Madar\'{a}sz}},
  booktitle={2014 IEEE 12th International Symposium on Applied Machine Intelligence and Informatics (SAMI)}, 
  title={Normalization of inputs and outputs of neural network based robotic arm controller in role of inverse kinematic model}, 
  year={2014},
  volume={},
  number={},
  pages={85-89},
  doi={10.1109/SAMI.2014.6822439}}

@inproceedings{Schulman2016,
	author    = {Schulman, J. and
	Moritz, P. and
	Levine, S. and
	 Jordan, M: I. and
	 Abbeel, P.},
	editor    = {Yoshua Bengio and
	Yann LeCun},
	title     = {High-Dimensional Continuous Control Using Generalized Advantage Estimation},
	booktitle = {4th International Conference on Learning Representations, {ICLR} 2016,
	San Juan, Puerto Rico, May 2-4, 2016, Conference Track Proceedings},
	year      = {2016},
	timestamp = {Thu, 25 Jul 2019 14:25:38 +0200},
	biburl    = {https://dblp.org/rec/journals/corr/SchulmanMLJA15.bib},
	bibsource = {dblp computer science bibliography, https://dblp.org}
}

@misc{Schulman2017,
	title={Proximal Policy Optimization Algorithms}, 
	author={Schulman, J. and  Wolski, P. and  Dhariwal, P. and  Radford, A. and Klimov, O.},
	year={2017},
	eprint={1707.06347},
	archivePrefix={arXiv},
	primaryClass={cs.LG}
}

@ARTICLE{Sola1997,
  author={J. {Sola} and J. {Sevilla}},
  journal={IEEE Transactions on Nuclear Science}, 
  title={Importance of input data normalization for the application of neural networks to complex industrial problems}, 
  year={1997},
  volume={44},
  number={3},
  pages={1464-1468},
  doi={10.1109/23.589532}}

@book{Sutton2018,
  author = {Sutton, R. S. and Barto, A. G.},
  edition = {Second},
  interhash = {ac6b144aaec1819919a2fba9f705c852},
  intrahash = {f46601cf8b13d39d1378af0d79438b12},
  keywords = {},
  publisher = {The MIT Press},
  timestamp = {2019-07-13T10:11:53.000+0200},
  title = {Reinforcement Learning: An Introduction},
  year = {2018 }
}

@techreport{Xue2012,
   author = "Xue, Y.",
   institution = "Society of Actuaries, International News",
   month = oct,
   title = "Target Volatility Fund: An Effective Risk Management Tool for VA?",
   year = 2012
}

